@book{michaelsen2002team,
  title={Team-based learning: A transformative use of small groups},
  author={Michaelsen, Larry K and Knight, Arletta Bauman and Fink, L Dee},
  year={2002},
  publisher={Greenwood publishing group}
}
@InBook{Schell2013,
  Title                    = {Increasing Student Engagement and Retention using Classroom Technologies: Classroom Response Systems and Mediated Discourse Technologies},
  Author                   = {J. Schell and B. Lukoff and E. Mazur},
  Chapter                  = {Catalyzing Learner Engagement Using Cutting-Edge Classroom Response Systems in Higher Education},
  Editor                   = {Charles Wankel},
  Pages                    = {233--261},
  Publisher                = {Emerald},
  Year                     = {2013},
  Series                   = {Cutting-edge Technologies in Higher Education},
  File                     = {Schell2013.pdf:Schell2013.pdf:PDF},
  Location                 = {Bingley}
}
@Article{Stefan2015b,
  Title                    = {lanalytics},
  Author                   = {Melanie I Stefan and Yan Liu},
  Journal                  = {GitHub repository},
  Year                     = {2015},
  HowPublished             = {GitHub repository},
  Url                      = {https://github.com/MelanieIStefan/lanalytics}
}
@manual{shiny, 
  title={Easy web applications in R.}, 
  author={{RStudio, Inc}}, 
  year={2013}, 
  note={URL: \url{http://www.rstudio.com/shiny/}} 
} 
@Book{ggplot2,
    author = {Hadley Wickham},
    title = {ggplot2: Elegant Graphics for Data Analysis},
    publisher = {Springer-Verlag New York},
    year = {2009},
    isbn = {978-0-387-98140-6},
    url = {http://ggplot2.org},
}
@book{wickham2015r,
  title={R packages},
  author={Wickham, Hadley},
  year={2015},
  publisher={" O'Reilly Media, Inc."}
}
@phdthesis{siemens2011open,
  title={Open Learning Analytics: an integrated \& modularized platform},
  author={Siemens, George and Gasevic, Dragan and Haythornthwaite, Caroline and Dawson, Shane and Shum, S Buckingham and Ferguson, Rebecca and Duval, Erik and Verbert, Katrien},
  year={2011}
}
@article {jitt,
author = {Novak, Gregor M.},
title = {Just-in-time teaching},
journal = {New Directions for Teaching and Learning},
volume = {2011},
number = {128},
publisher = {Wiley Subscription Services, Inc., A Wiley Company},
issn = {1536-0768},
url = {http://dx.doi.org/10.1002/tl.469},
doi = {10.1002/tl.469},
pages = {63--73},
year = {2011},
}



