@misc{wickham2016r,
  title={R for data science},
  author={Wickham, Hadley and Grolemund, Garrett},
  year={2016},
  publisher={Sebastopol, CA: O’Reilly. http://r4ds.had.co.nz}
}

@article{mair2009extended,
  title={Extended Rasch Modeling: The R Package eRm},
  author={Mair, Patrick and Hatzinger, Reinhold and Maier, Marco J},
  journal={PDF-Dateianhang zum Programmpaket eRm},
  year={2009}
}

@article{wickham5roxygen2,
  title={roxygen2: In-source documentation for R, 2015},
  author={Wickham, Hadley and Danenberg, Peter and Eugster, Manuel}
  }

@Article{Stefan2015b,
  Title                    = {lanalytics},
  Author                   = {Melanie I Stefan and Yan Liu},
  Journal                  = {GitHub repository},
  Year                     = {2015},
  HowPublished             = {GitHub repository},
  Url                      = {https://github.com/MelanieIStefan/lanalytics}
}

@misc{wickham2016tidyverse,
  title={tidyverse: Easily install and load ‘tidyverse’packages [Software]},
  author={Wickham, H},
  year={2016}
}

@manual{shiny, 
  title={Easy web applications in R.}, 
  author={{RStudio, Inc}}, 
  year={2013}, 
  note={URL: \url{http://www.rstudio.com/shiny/}} 
} 

@Book{ggplot2,
    author = {Hadley Wickham},
    title = {ggplot2: Elegant Graphics for Data Analysis},
    publisher = {Springer-Verlag New York},
    year = {2009},
    isbn = {978-0-387-98140-6},
    url = {http://ggplot2.org},
}

@book{wickham2015r,
  title={R packages},
  author={Wickham, Hadley},
  year={2015},
  publisher={" O'Reilly Media, Inc."}
}

@article{chang2015shinydashboard,
  title={shinydashboard: Create Dashboards with ‘Shiny’},
  author={Chang, W},
  journal={R package version 0.5},
  volume={1},
  year={2015}
}

@book{friedman2009elements,
  title={The elements of statistical learning},
  author={Friedman, Jerome and Hastie, Trevor and Tibshirani, Robert},
  volume={1},
  year={2009},
  publisher={Springer series in statistics New York}
}

@book{bishop2006pattern,
  title={Pattern recognition and machine learning},
  author={Bishop, Christopher M},
  year={2006},
  publisher={springer}
}

@book{everett2013introduction,
  title={An introduction to latent variable models},
  author={Everett, B},
  year={2013},
  publisher={Springer Science \& Business Media}
}

@book{demars2010item,
  title={Item response theory},
  author={DeMars, Christine},
  year={2010},
  publisher={Oxford University Press}
}

@article{bock1981marginal,
  title={Marginal maximum likelihood estimation of item parameters: Application of an EM algorithm},
  author={Bock, R Darrell and Aitkin, Murray},
  journal={Psychometrika},
  volume={46},
  number={4},
  pages={443--459},
  year={1981},
  publisher={Springer}
}

@article{wright1969procedure,
  title={A procedure for sample-free item analysis},
  author={Wright, Benjamin and Panchapakesan, Nargis},
  journal={Educational and Psychological measurement},
  volume={29},
  number={1},
  pages={23--48},
  year={1969},
  publisher={Sage Publications Sage CA: Thousand Oaks, CA}
}

@article{haberman1977maximum,
  title={Maximum likelihood estimates in exponential response models},
  author={Haberman, Shelby J},
  journal={The Annals of Statistics},
  pages={815--841},
  year={1977},
  publisher={JSTOR}
}

@article{salvador,
  title ={Developing a software for analyzing data from online learning quizzes.},
  author ={Garcia Gonzalez, Salvador},
  journal ={Informatics Review Proposal},
  year={2017},
  publisher = {University of Edinburgh}
}

@article {jitt,
author = {Novak, Gregor M.},
title = {Just-in-time teaching},
journal = {New Directions for Teaching and Learning},
volume = {2011},
number = {128},
publisher = {Wiley Subscription Services, Inc., A Wiley Company},
issn = {1536-0768},
url = {http://dx.doi.org/10.1002/tl.469},
doi = {10.1002/tl.469},
pages = {63--73},
year = {2011},
}

@online{learningcatalytics,
  author = {Mazur, Eric and King, Gary and Lukoff Brian},
  title  = {Learning Catalytics},
  url    = {https://www.pearson.com/us/higher-education/products-services-teaching/learning-engagement-tools/learning-catalytics.html},
  howpublished = "\url{https://www.pearson.com/us/higher-education/products-services-teaching/learning-engagement-tools/learning-catalytics.html}",
  note = "[Online; accessed 1-August-2017]"
}

@online{desire,
  author = {Desire2Learn},
  title  = {Desire2Learn},
  url    = {https://www.d2l.com/en-eu/},
  howpublished = "\url{https://www.d2l.com/en-eu/}",
  note = "[Online; accessed 1-August-2017]"
}

@Article{Bloom1956,
 Title                    = {A taxonomy of cognitive objectives},
 Author                   = {Bloom, B},
 Journal                  = {New York: McKay},
 Year                     = {1956}
}

@online{moodle,
  author = {Dougiamas Martin},
  title  = {Moodle},
  url    = {https://moodle.org/},
  howpublished = "\url{https://moodle.org/}",
  note = "[Online; accessed 1-August-2017]"
}
@techreport{zeileis2012flexible,
  title={Flexible generation of e-learning exams in R: Moodle quizzes, OLAT assessments, and beyond},
  author={Zeileis, Achim and Umlauf, Nikolaus and Leisch, Friedrich},
  year={2012},
  institution={Working Papers in Economics and Statistics}
}

@book{payne2009information,
  title={Information Technology and Constructivism in Higher Education: Progressive Learning Frameworks: Progressive Learning Frameworks},
  author={Payne, Carla R},
  year={2009},
  publisher={IGI Global}
}

@inproceedings{mcmahon1997social,
  title={Social constructivism and the World Wide Web-A paradigm for learning},
  author={McMahon, Mark},
  booktitle={ASCILITE conference. Perth, Australia},
  volume={327},
  year={1997}
}
@article{kim2001social,
  title={Social constructivism},
  author={Kim, Beaumie},
  journal={Emerging perspectives on learning, teaching, and technology},
  volume={1},
  number={1},
  pages={16},
  year={2001}
}

@article{rizopoulos2006ltm,
  title={ltm: An R package for latent variable modeling and item response theory analyses},
  author={Rizopoulos, Dimitris},
  journal={Journal of statistical software},
  volume={17},
  number={5},
  pages={1--25},
  year={2006}
}

@book{bond2015applying,
  title={Applying the Rasch model: Fundamental measurement in the human sciences},
  author={Bond, Trevor and Fox, Christine M},
  year={2015},
  publisher={Routledge}
}

@online{pmr,
  author = {Chris Williams},
  title  = {Probabilistic Modelling and Reasoning
Factor Analysis and Beyond},
  url    = {http://www.inf.ed.ac.uk/teaching/courses/pmr/docs/fadoc.pdf},
  howpublished = "\url{http://www.inf.ed.ac.uk/teaching/courses/pmr/docs/fadoc.pdf}",
  note = "[Online; accessed 10-August-2017]"
}